<record><leader>00000cas a22000007a 4500</leader><controlfield tag="001">43478829</controlfield><controlfield tag="008">000217d18981uuutnumr ne      0    0eng d</controlfield><datafield ind1=" " ind2=" " tag="010"><subfield code="a">sn 00063890 </subfield></datafield><datafield ind1=" " ind2=" " tag="040"><subfield code="a">TGN</subfield><subfield code="b">eng</subfield><subfield code="c">TGN</subfield><subfield code="d">OCLCQ</subfield><subfield code="d">OCLCO</subfield></datafield><datafield ind1="1" ind2=" " tag="029"><subfield code="a">AU@</subfield><subfield code="b">000021382220</subfield></datafield><datafield ind1=" " ind2=" " tag="042"><subfield code="a">msc</subfield></datafield><datafield ind1=" " ind2=" " tag="043"><subfield code="a">n-us-tn</subfield></datafield><datafield ind1="0" ind2="4" tag="245"><subfield code="a">The ex-Confederate.</subfield></datafield><datafield ind1=" " ind2=" " tag="260"><subfield code="a">Cottage Grove, Tenn. :</subfield><subfield code="b">Ex-Confederate Pub. Co,</subfield><subfield code="c">1898-</subfield></datafield><datafield ind1=" " ind2=" " tag="300"><subfield code="a">v.</subfield></datafield><datafield ind1=" " ind2=" " tag="310"><subfield code="a">Monthly</subfield></datafield><datafield ind1="0" ind2=" " tag="362"><subfield code="a">Vol. 1, no. 1 (Oct. 1898)-</subfield></datafield><datafield ind1=" " ind2=" " tag="500"><subfield code="a">Editor: Tate Ring, &lt;1898&gt;</subfield></datafield><datafield ind1=" " ind2="0" tag="651"><subfield code="a">Cottage Grove (Tenn.)</subfield><subfield code="v">Newspapers.</subfield></datafield><datafield ind1=" " ind2="0" tag="651"><subfield code="a">Henry County (Tenn.)</subfield><subfield code="v">Newspapers.</subfield></datafield><datafield ind1=" " ind2=" " tag="752"><subfield code="a">United States</subfield><subfield code="b">Tennessee</subfield><subfield code="c">Henry</subfield><subfield code="d">Cottage Grove.</subfield></datafield></record>